@Misc{waterjets-org,
	author =       {Waterjets.org},
	title =        {The most complete waterjet ressource on the web},
	howpublished = {\url{http://waterjets.org/index.php}},
	note =         {Dernière consultation le 28 octobre 2012},
}

@article{arkut,
	author	=	{Akkurt, Adnan},
	journal	=	{Journal of Materials Engineering and Performance, Volume 19, Number 4},
	title	=	{Cut Front Geometry Characterization in Cutting Applications of Brass with Abrasive Water Jet},
	year	=	{2010},
	pages	=	{599-606},
}

@masterthesis{watana,
	author	=	{Kaewkerd, Watana and Schmidlin, Moritz},
	title	=	{Découpage au jet d'eau},
	school	=	{EPFL},
	year	=	{2011},
	month	=	{Novembre},
}

@masterthesis{balz,
	author	=	{Balz, Alain and Frisch, Lukas},
	title	=	{Découpage par jet d'eau},
	school	=	{EPFL},
	year	=	{2010},
	month	=	{Octobre},
}

@masterthesis{electroerosion,
	author	=	{Chèvre, Florent and Béguin, Mathias},
	title	=	{L'électroérosion},
	school	=	{EPFL},
	year	=	{2012},
	month	=	{Octobre},
}

@article{polymeric,
	author	=	{Nguyen, T and Shanmugam, D, K and Wang, J},
	journal	=	{International Journal of Machine Tools and Manufacture, Volume 48},
	title	=	{Effect of liquid properties on the stability of an abrasive waterjet},
	year	=	{2008},
	month	=	{août},
}

@book{marks,
	author	=	{Avallone, Eugene A. and Baumeister, Theodore and Sandegh, Ali M. and Marks, Lionel S.},
	title	=	{Marks' stadard handbook for mechanical engineers, 11th edition},
	publisher	=	{McGraw-Hill Professionnal},
	year	=	{2006},
	month	=	{Novembre},
}

@Misc{eurocutting,
	author	=	{Euro-cutting},
	title	=	{Technologie et applications jet d'eau},
	howpublished	=	{\url{http://www.eurocutting.com/technologie-jet-d'eau.html}},
	note	=	{Dernière consultation le 27 octobre 2012},
}

@Misc{wardjets,
	author	=	{WardJet},
	title	=	{WardJet, not just a waterjet},
	howpublished	=	{\url{http://www.wardjet.com}},
	note	=	{Dernière consultation le 27 octobre 2012},
}

@Misc{mohs-wiki,
	author	=	{Wikipedia},
	title	=	{Echelle de Mohs},
	howpublished	=	{\url{"http://fr.wikipedia.org/wiki/\%C3\%89chelle_de_Mohs"}},
	note	=	{Dernière consultation le 27 octobre 2012},
}

@Misc{mesh-chart,
	author	=	{Granuloshop},
	title	=	{Conversion US Mesh tamis - microns},
	howpublished	=	{\url{http://www.granuloshop.com/Conversion.htm}},
	note	=	{Dernière consultation le 27 octobre 2012},
}

@Misc{wiki-waterjet,
	author	=	{Wikipedia},
	title	=	{Water jet cutter},
	howpublished	=	{\url{http://en.wikipedia.org/wiki/Water_jet_cutter}},
	note	=	{Dernière consultation le 27 octobre 2012},
}

@book{usinage-composites,
	author	=	{Alain Dessarthe},
	title	=	{Usinage des composites},
	publisher	=	{Edition Techniques Ingénieur},
	year	=	{1999},
	month	=	{avril},
}
	